[gd_scene load_steps=23 format=2]

[ext_resource path="res://prefabs/spawner/npc_spawner.tscn" type="PackedScene" id=1]
[ext_resource path="res://prefabs/player/player.tscn" type="PackedScene" id=2]
[ext_resource path="res://assets/imgs/parallax/heaven/bg_2.png" type="Texture" id=3]
[ext_resource path="res://assets/tilesets/tileset.png" type="Texture" id=4]
[ext_resource path="res://prefabs/navigation/navigation.tscn" type="PackedScene" id=5]
[ext_resource path="res://prefabs/death/death.tscn" type="PackedScene" id=6]
[ext_resource path="res://prefabs/unspawner/npc_unspawner.tscn" type="PackedScene" id=7]
[ext_resource path="res://assets/particles/hell_particle.png" type="Texture" id=8]
[ext_resource path="res://assets/imgs/parallax/heaven/bg_1.png" type="Texture" id=9]
[ext_resource path="res://scripts/fx/one_dimension_only.gd" type="Script" id=10]
[ext_resource path="res://assets/imgs/parallax/heaven/bg_0.png" type="Texture" id=11]

[sub_resource type="NavigationPolygon" id=10]
vertices = PoolVector2Array( 0, 0, 18, 0, 18, 18, 0, 18 )
polygons = [ PoolIntArray( 0, 1, 2, 3 ) ]

[sub_resource type="NavigationPolygon" id=7]
vertices = PoolVector2Array( 18, 18, 0, 18, 0, 0, 18, 0 )
polygons = [ PoolIntArray( 0, 1, 2, 3 ) ]

[sub_resource type="NavigationPolygon" id=8]
vertices = PoolVector2Array( 18, 18, 0, 18, 0, 0, 18, 0 )
polygons = [ PoolIntArray( 0, 1, 2, 3 ) ]

[sub_resource type="NavigationPolygon" id=9]
vertices = PoolVector2Array( 18, 18, 0, 18, 0, 0, 18, 0 )
polygons = [ PoolIntArray( 0, 1, 2, 3 ) ]

[sub_resource type="ConvexPolygonShape2D" id=2]
points = PoolVector2Array( 18, 18, 0, 18, 0, 0, 18, 0 )

[sub_resource type="ConvexPolygonShape2D" id=3]
points = PoolVector2Array( 18, 18, 0, 18, 0, 0, 18, 0 )

[sub_resource type="ConvexPolygonShape2D" id=4]
points = PoolVector2Array( 18, 18, 0, 18, 0, 0, 18, 0 )

[sub_resource type="ConvexPolygonShape2D" id=5]
points = PoolVector2Array( 18, 18, 0, 18, 0, 0, 18, 0 )

[sub_resource type="TileSet" id=6]
1/name = "tileset.png 1"
1/texture = ExtResource( 4 )
1/tex_offset = Vector2( 0, 0 )
1/modulate = Color( 1, 1, 1, 1 )
1/region = Rect2( 0, 18, 18, 18 )
1/tile_mode = 1
1/autotile/bitmask_mode = 0
1/autotile/bitmask_flags = [  ]
1/autotile/icon_coordinate = Vector2( 0, 0 )
1/autotile/tile_size = Vector2( 18, 18 )
1/autotile/spacing = 0
1/autotile/occluder_map = [  ]
1/autotile/navpoly_map = [ Vector2( 0, 0 ), SubResource( 10 ) ]
1/autotile/priority_map = [  ]
1/autotile/z_index_map = [  ]
1/occluder_offset = Vector2( 0, 0 )
1/navigation_offset = Vector2( 0, 0 )
1/shape_offset = Vector2( 0, 0 )
1/shape_transform = Transform2D( 1, 0, 0, 1, 0, 0 )
1/shape_one_way = false
1/shape_one_way_margin = 0.0
1/shapes = [  ]
1/z_index = 0
2/name = "tileset.png 2"
2/texture = ExtResource( 4 )
2/tex_offset = Vector2( 0, 0 )
2/modulate = Color( 1, 1, 1, 1 )
2/region = Rect2( 0, 0, 54, 36 )
2/tile_mode = 1
2/autotile/bitmask_mode = 0
2/autotile/bitmask_flags = [  ]
2/autotile/icon_coordinate = Vector2( 0, 0 )
2/autotile/tile_size = Vector2( 18, 18 )
2/autotile/spacing = 0
2/autotile/occluder_map = [  ]
2/autotile/navpoly_map = [ Vector2( 0, 1 ), SubResource( 7 ), Vector2( 1, 1 ), SubResource( 8 ), Vector2( 2, 1 ), SubResource( 9 ) ]
2/autotile/priority_map = [  ]
2/autotile/z_index_map = [  ]
2/occluder_offset = Vector2( 0, 0 )
2/navigation_offset = Vector2( 0, 0 )
2/shape_offset = Vector2( 0, 0 )
2/shape_transform = Transform2D( 1, 0, 0, 1, 0, 0 )
2/shape_one_way = false
2/shape_one_way_margin = 0.0
2/shapes = [  ]
2/z_index = 0
3/name = "tileset.png 3"
3/texture = ExtResource( 4 )
3/tex_offset = Vector2( 0, 0 )
3/modulate = Color( 1, 1, 1, 1 )
3/region = Rect2( 0, 36, 72, 18 )
3/tile_mode = 1
3/autotile/bitmask_mode = 0
3/autotile/bitmask_flags = [  ]
3/autotile/icon_coordinate = Vector2( 0, 0 )
3/autotile/tile_size = Vector2( 18, 18 )
3/autotile/spacing = 0
3/autotile/occluder_map = [  ]
3/autotile/navpoly_map = [  ]
3/autotile/priority_map = [  ]
3/autotile/z_index_map = [  ]
3/occluder_offset = Vector2( 0, 0 )
3/navigation_offset = Vector2( 0, 0 )
3/shape_offset = Vector2( 0, 0 )
3/shape_transform = Transform2D( 1, 0, 0, 1, 0, 0 )
3/shape = SubResource( 2 )
3/shape_one_way = false
3/shape_one_way_margin = 1.0
3/shapes = [ {
"autotile_coord": Vector2( 0, 0 ),
"one_way": false,
"one_way_margin": 1.0,
"shape": SubResource( 2 ),
"shape_transform": Transform2D( 1, 0, 0, 1, 0, 0 )
}, {
"autotile_coord": Vector2( 1, 0 ),
"one_way": false,
"one_way_margin": 1.0,
"shape": SubResource( 3 ),
"shape_transform": Transform2D( 1, 0, 0, 1, 0, 0 )
}, {
"autotile_coord": Vector2( 2, 0 ),
"one_way": false,
"one_way_margin": 1.0,
"shape": SubResource( 4 ),
"shape_transform": Transform2D( 1, 0, 0, 1, 0, 0 )
}, {
"autotile_coord": Vector2( 3, 0 ),
"one_way": false,
"one_way_margin": 1.0,
"shape": SubResource( 5 ),
"shape_transform": Transform2D( 1, 0, 0, 1, 0, 0 )
} ]
3/z_index = 0

[sub_resource type="CircleShape2D" id=1]
radius = 40.0

[sub_resource type="Gradient" id=11]
offsets = PoolRealArray( 0, 0.279891, 0.682065, 1 )
colors = PoolColorArray( 0, 0, 0, 0, 1, 0.247059, 0.247059, 1, 0.219608, 0, 0.729412, 1, 0.133333, 0.0745098, 0.0745098, 0 )

[node name="level" type="Node2D"]

[node name="navigation2" parent="." instance=ExtResource( 5 )]

[node name="Position2D" type="Position2D" parent="navigation2"]
position = Vector2( -600, 736 )

[node name="life" type="Node2D" parent="navigation2"]
script = ExtResource( 10 )

[node name="TileMap" type="TileMap" parent="navigation2/life"]
tile_set = SubResource( 6 )
cell_size = Vector2( 18, 18 )
cell_quadrant_size = 18
format = 1

[node name="npcs" type="Node2D" parent="."]

[node name="spawner" parent="npcs" instance=ExtResource( 1 )]
position = Vector2( -710, -52 )

[node name="npc_unspawner" parent="npcs" instance=ExtResource( 7 )]
position = Vector2( 188, 372 )

[node name="deaths" type="Node2D" parent="."]

[node name="death" parent="deaths" instance=ExtResource( 6 )]
position = Vector2( -512, 736 )

[node name="shape" type="CollisionShape2D" parent="deaths/death"]
shape = SubResource( 1 )

[node name="player" parent="." instance=ExtResource( 2 )]
position = Vector2( -120, 32 )
SPEED = 300.0

[node name="ParallaxBackground" type="ParallaxBackground" parent="."]

[node name="ParallaxLayer" type="ParallaxLayer" parent="ParallaxBackground"]
position = Vector2( -720, -424 )
motion_scale = Vector2( 0, 1 )
motion_mirroring = Vector2( 1920, 1080 )
script = ExtResource( 10 )
VISIBLE_DIMENSION = "heaven"

[node name="bg_0" type="TextureRect" parent="ParallaxBackground/ParallaxLayer"]
modulate = Color( 1, 1, 1, 0.494118 )
margin_right = 1920.0
margin_bottom = 1080.0
texture = ExtResource( 11 )
stretch_mode = 2

[node name="ParallaxLayer2" type="ParallaxLayer" parent="ParallaxBackground"]
position = Vector2( -720, -424 )
motion_scale = Vector2( 0.5, 1 )
motion_offset = Vector2( 500, 0 )
motion_mirroring = Vector2( 1920, 1080 )
script = ExtResource( 10 )
VISIBLE_DIMENSION = "heaven"

[node name="bg_1" type="TextureRect" parent="ParallaxBackground/ParallaxLayer2"]
modulate = Color( 1, 1, 1, 0.494118 )
margin_right = 1920.0
margin_bottom = 1080.0
texture = ExtResource( 9 )
stretch_mode = 2

[node name="ParallaxLayer3" type="ParallaxLayer" parent="ParallaxBackground"]
position = Vector2( -720, -424 )
motion_scale = Vector2( 1.1, 1 )
motion_mirroring = Vector2( 1920, 1080 )
script = ExtResource( 10 )
VISIBLE_DIMENSION = "heaven"

[node name="bg_2" type="TextureRect" parent="ParallaxBackground/ParallaxLayer3"]
margin_right = 1920.0
margin_bottom = 1080.0
texture = ExtResource( 3 )
stretch_mode = 2

[node name="hell" type="Node2D" parent="."]
script = ExtResource( 10 )
VISIBLE_DIMENSION = "hell"

[node name="CPUParticles2D" type="CPUParticles2D" parent="hell"]
amount = 3000
lifetime = 4.0
preprocess = 90.83
explosiveness = 0.3
randomness = 0.75
lifetime_randomness = 0.22
texture = ExtResource( 8 )
emission_shape = 2
emission_rect_extents = Vector2( 1920, 1080 )
gravity = Vector2( 0, -10 )
initial_velocity_random = 0.05
color_ramp = SubResource( 11 )
hue_variation_random = 0.28
